<?xml version="1.0" encoding="UTF-8"?><record xmlns="http://www.loc.gov/MARC21/slim" xmlns:cinclude="http://apache.org/cocoon/include/1.0" xmlns:zs="http://www.loc.gov/zing/srw/">
  <leader>00479nz  a2200145n  4500</leader>
  <controlfield tag="001">nr2003019144</controlfield>
  <controlfield tag="003">DLC</controlfield>
  <controlfield tag="005">20030613033119.0</controlfield>
  <controlfield tag="008">030609n| acannaabn          |a aaa     c</controlfield>
  <datafield tag="010" ind1=" " ind2=" ">
    <subfield code="a">nr2003019144</subfield>
  </datafield>
  <datafield tag="040" ind1=" " ind2=" ">
    <subfield code="a">NIC</subfield>
    <subfield code="b">eng</subfield>
    <subfield code="c">NIC</subfield>
  </datafield>
  <datafield tag="100" ind1="1" ind2=" ">
    <subfield code="a">Morales Castillo, Fabiola</subfield>
  </datafield>
  <datafield tag="400" ind1="1" ind2=" ">
    <subfield code="a">Castillo, Fabiola Morales</subfield>
  </datafield>
  <datafield tag="400" ind1="1" ind2=" ">
    <subfield code="a">Morales Castillo, Fabiola María</subfield>
  </datafield>
  <datafield tag="670" ind1=" " ind2=" ">
    <subfield code="a">La cláusula de conciencia, 2003:</subfield>
    <subfield code="b">t.p. (Fabiola Morales Castillo) inside front flap (Fabiola María Morales Castillo)</subfield>
  </datafield>
</record>